@article{Farber:2014,
  author = {Farber, Henry S},
  title = {{Why You Can't Find a Taxi in the Rain and Other Labor Supply Lessons from Cab Drivers}},
  year = {2014},
  month = oct
}


@manual{DS3:2016,
      title  = "\href{http://bit.ly/nyc_taxi}{Where Do People Go?}",
      author = "DS3 Students",
      url    = "http://bit.ly/nyc_taxi",
      year   = "2016 (accessed August 11, 2016)",
      month = aug
}

@manual{WHONG:2014,
      title  = "\href{http://chriswhong.com/open-data/foil_nyc_taxi/}{FOILing NYCâ€™s Taxi Trip Data}",
      author = "Whong, Chris",
      url    = {http://chriswhong.com/open-data/foil_nyc_taxi/},
      year   = "2014 (accessed August 11, 2016)",
      month = mar
}

@manual{NOAA:2016,
      title  = "\href{http://www.ncdc.noaa.gov/cdo-web/datasets}{Climate Data Online}",
      author = "National Centers For Enviornmental Information",
      url    = {http://www.ncdc.noaa.gov/cdo-web/datasets},
      year   = "(accessed August 11, 2016)"
}

@manual{TLC:2007,
      title  = "\href{http://www.nyc.gov/html/tlc/downloads/pdf/taxi_book.pdf}{Taxi 07: Roads Forward}",
      author = "New York City Taxi \& Limousine Commission",
      url    = {http://www.nyc.gov/html/tlc/downloads/pdf/taxi_book.pdf},
      year   = "2007 (accessed August 11, 2016)",
      month = dec
}

@manual{ZHAN:2014,
      title  = "\href{http://www2.cs.uic.edu/~urbcomp2013/urbcomp2014/papers/Zhang_Efficiency_taxi.pdf}{Measuring the Efficiency of Urban Taxi Service System}",
      author = "Zhan, Xianyuan and Qian, Xinwu and Ukkusuri, Satish V.",
      url    = {http://www2.cs.uic.edu/~urbcomp2013/urbcomp2014/papers/Zhang_Efficiency_taxi.pdf},
      year   = "2014 (accessed August 11, 2016)",
      month = aug
}

@manual{LEE:2015,
      title  = "\href{http://nyctaxistrategy.blogspot.com/2015/03/week-1-some-nifty-visualizations-7.html}{7 Habits of Highly Effective Hacks}",
      author = "Lee, Samuel K.",
      url    = {http://nyctaxistrategy.blogspot.com/2015/03/week-1-some-nifty-visualizations-7.html},
      year   = "2015 (accessed August 11, 2016)",
      month = mar
}
@manual{KIM:2005,
      title  = "Effect of Taxi Information System on Efficiency and Quality of Taxi Services",
      author = "Kim, Hyunmyung and Oh, Jun-Seok and Jayakrishnan, R.",
      year   = "2005"
}
@article{KAHLE:2013,
    author = {Kahle, David and Wickham, Hadley},
    title = "\href{http://journal.r-project.org/archive/2013-1/kahle-wickham.pdf}{ggmap: Spatial Visualization with ggplot2}",
    year = {2013},
    url = {http://journal.r-project.org/archive/2013-1/kahle-wickham.pdf},
    month = jan
  }

  @manual{PEDIACITIES:2015,
      title  = "\href{http://catalog.opendata.city/dataset/pediacities-nyc-neighborhoods}{Pediacities NYC Neighborhoods}",
      author = "Pediacities",
      year   = "2015",
      month = jun
      }